<?xml version="1.0" encoding="UTF-8"?><collection xmlns="http://www.loc.gov/MARC21/slim"><record><leader>00571nam--2200145-i-4500</leader><controlfield tag="001">000002068</controlfield><controlfield tag="002">20161230</controlfield><controlfield tag="005">20161230201024</controlfield><controlfield tag="008">060222s1000------------r-----000-0-eng-d</controlfield><datafield ind1=" " ind2=" " tag="080"><subfield code="a">627.8:621.311.21.621.311.21:627.8</subfield></datafield><datafield ind1=" " ind2=" " tag="100"><subfield code="a">Goldenberg,(G.M)</subfield></datafield><datafield ind1=" " ind2=" " tag="245"><subfield code="a">Exploatarea constructiilor de acumulare, descarcare si captare din centralele hidroelectrice.traducere din lb. rusa. numai pentru documentare</subfield></datafield><datafield ind1=" " ind2=" " tag="260"><subfield code="a">Bucuresti, Edit. Energetica De Stat, 1953. 257 P. Cu Ilustr</subfield></datafield><datafield ind1=" " ind2=" " tag="490"><subfield code="a">Ministr.Energiei Electrice Si Industriei Electrotehnice Litografiat</subfield></datafield><datafield ind1=" " ind2=" " tag="852"><subfield code="a">3196</subfield></datafield></record></collection>